
@article{zafaraniSocialMediaMining2014,
  title = {Social {{Media Mining}}: {{An Introduction}}},
  author = {Zafarani, Reza and Abbasi, Mohammad Ali and Liu, Huan},
  date = {2014},
  pages = {338},
  langid = {english},
  file = {/home/francois-xavierwicht/Zotero/storage/47AVTNVI/Zafarani et al. - 2014 - Social Media Mining An Introduction.pdf}
}


