
@book{antonopoulosMasteringBitcoinProgramming2017a,
  title = {Mastering Bitcoin. {{Programming}} the Open Blockchain},
  author = {Antonopoulos, Andreas M.},
  date = {2017},
  edition = {2},
  publisher = {{Oâ€™Reilly}},
  url = {http://gen.lib.rus.ec/book/index.php?md5=a9bf133f45fdfd9bea6f792a66ca2a83},
  isbn = {978-1-4919-5438-6}
}

@article{coccoPredictionsBitcoinPrices2021,
  title = {Predictions of Bitcoin Prices through Machine Learning Based Frameworks.},
  author = {Cocco, Luisanna and Tonelli, Roberto and Marchesi, Michele},
  date = {2021},
  journaltitle = {PeerJ Comput. Sci.},
  volume = {7},
  pages = {e413},
  doi = {10.7717/peerj-cs.413},
  url = {https://doi.org/10.7717/peerj-cs.413}
}

@inproceedings{glenskiCharacterizingSpeedScale2019,
  title = {Characterizing {{Speed}} and {{Scale}} of {{Cryptocurrency Discussion Spread}} on {{Reddit}}.},
  booktitle = {The {{World Wide Web Conference}}, {{WWW}} 2019, {{San Francisco}}, {{CA}}, {{USA}}, {{May}} 13-17, 2019},
  author = {Glenski, Maria and Saldanha, Emily and Volkova, Svitlana},
  date = {2019},
  pages = {560--570},
  doi = {10.1145/3308558.3313702},
  url = {https://doi.org/10.1145/3308558.3313702}
}

@article{hagbergExploringNetworkStructure2008,
  title = {Exploring {{Network Structure}}, {{Dynamics}}, and {{Function}} Using {{NetworkX}}},
  shorttitle = {{{NetworkX}}},
  author = {Hagberg, Aric A and Schult, Daniel A and Swart, Pieter J},
  date = {2008},
  pages = {5},
  langid = {english},
  file = {/home/francois-xavierwicht/Zotero/storage/LWNN3QXU/Hagberg et al. - 2008 - Exploring Network Structure, Dynamics, and Functio.pdf}
}

@article{iderCryptocurrencyReturnPrediction2022,
  title = {Cryptocurrency {{Return Prediction Using Investor Sentiment Extracted}} by {{BERT-Based Classifiers}} from {{News Articles}}, {{Reddit Posts}} and {{Tweets}}.},
  author = {Ider, Duygu},
  date = {2022},
  journaltitle = {CoRR},
  volume = {abs/2204.05781},
  doi = {10.48550/arXiv.2204.05781},
  url = {https://doi.org/10.48550/arXiv.2204.05781}
}

@article{kooPredictionBitcoinPrice2021,
  title = {Prediction of {{Bitcoin}} Price Based on Manipulating Distribution Strategy.},
  author = {Koo, Eunho and Kim, Geonwoo},
  date = {2021},
  journaltitle = {Appl. Soft Comput.},
  volume = {110},
  pages = {107738},
  doi = {10.1016/j.asoc.2021.107738},
  url = {https://doi.org/10.1016/j.asoc.2021.107738}
}

@article{liCrossCryptocurrencyRelationship2022,
  title = {Cross {{Cryptocurrency Relationship Mining}} for {{Bitcoin Price Prediction}}.},
  author = {Li, Panpan and Gong, Shengbo and Xu, Shaocong and Zhou, Jiajun and Yu, Shanqing and Xuan, Qi},
  date = {2022},
  journaltitle = {CoRR},
  volume = {abs/2205.00974},
  doi = {10.48550/arXiv.2205.00974},
  url = {https://doi.org/10.48550/arXiv.2205.00974}
}

@inproceedings{liMultiwindowBitcoinPrice2021,
  title = {A {{Multi-window Bitcoin Price Prediction Framework}} on {{Blockchain Transaction Graph}}.},
  booktitle = {Algorithmic {{Aspects}} in {{Information}} and {{Management}} - 15th {{International Conference}}, {{AAIM}} 2021, {{Virtual Event}}, {{December}} 20-22, 2021, {{Proceedings}}},
  author = {Li, Xiao and Du, Linda},
  date = {2021},
  pages = {317--328},
  doi = {10.1007/978-3-030-93176-6_27},
  url = {https://doi.org/10.1007/978-3-030-93176-6_27}
}

@inproceedings{wooleyExtractingCryptocurrencyPrice2019,
  title = {Extracting {{Cryptocurrency Price Movements}} from the {{Reddit Network Sentiment}}.},
  booktitle = {18th {{IEEE International Conference On Machine Learning And Applications}}, {{ICMLA}} 2019, {{Boca Raton}}, {{FL}}, {{USA}}, {{December}} 16-19, 2019},
  author = {Wooley, Stephen and Edmonds, Andrew and Bagavathi, Arunkumar and Krishnan, Siddharth},
  date = {2019},
  pages = {500--505},
  doi = {10.1109/ICMLA.2019.00093},
  url = {https://doi.org/10.1109/ICMLA.2019.00093}
}

@book{zafaraniSocialMediaMining2014,
  title = {Social Media Mining: An Introduction},
  shorttitle = {Social Media Mining},
  author = {Zafarani, Reza and Abbasi, Mohammad Ali and Liu, Huan},
  date = {2014},
  publisher = {{Cambridge University Press}},
  location = {{New York, NY}},
  isbn = {978-1-107-01885-3},
  pagetotal = {320},
  keywords = {Behavioral assessment,Data mining,Data processing,Research,Social media,Webometrics}
}


